% Encoding: UTF-8

@Book{book:computer_architecture_stallings,
  author    = {Stallings, William},
  publisher = {Pearson-Prentice Hall},
  title     = {Computer organization and architecture : designing for performance},
  year      = {2016},
  address   = {Boston},
  isbn      = {0134101618},
  doi       = {http://saik0.com/dls/books/Computer%20Organization%20and%20Architecture%2010th%20Edition%20-%20William%20Stallings%20-%20978-0134101613%209134101618.pdf},
  groups    = {Books},
}

@Misc{web:graboid_paloalto,
  author    = {Jay Chen},
  title     = {Graboid: First-Ever Cryptojacking Worm Found in Images on Docker Hub},
  year      = {2019},
  note      = {10 de Enero de 2020},
  url       = {https://unit42.paloaltonetworks.com/graboid-first-ever-cryptojacking-worm-found-in-images-on-docker-hub/},
  groups    = {Web},
}

@Misc{web:graboid_infosec,
  author    = {Daniel Dimov},
  title     = {Malware overview â€“ Graboid},
  year      = {2019},
  note      = {10 de Enero de 2020},
  url       = {https://resources.infosecinstitute.com/malware-overview-graboid/#gref},
  groups    = {Web},
}

@Book{book:european_cryptocurrencies,
  author    = {Houben, Snyers},
  publisher = {European Parliament},
  title     = {Cryptocurrencies and blockchain: Legal context and implications for financial crime, money laundering and tax evasion},
  year      = {2018},
  doi       = {http://www.europarl.europa.eu/cmsdata/150761/TAX3%20Study%20on%20cryptocurrencies%20and%20blockchain.pdf},
  groups    = {Books},
}

@Article{article:satoshi_bitcoin,
  author = {Satoshi Nakamoto},
  title  = {Bitcoin: A Peer-to-Peer Electronic Cash System},
  year   = {2008},
  doi    = {https://bitcoin.org/bitcoin.pdf},
  groups = {Article, Articles},
}

@Article{article:wei_dai_money,
  author = {Wei Dai},
  title  = {b-money},
  year   = {1998},
  doi    = {http://www.weidai.com/bmoney.txt},
  groups = {Article, Articles},
}

@Comment{jabref-meta: databaseType:bibtex;}

@Comment{jabref-meta: grouping:
0 AllEntriesGroup:;
1 StaticGroup:Books\;0\;1\;0x8a8a8aff\;\;\;;
1 StaticGroup:Articles\;0\;1\;0x8a8a8aff\;\;\;;
1 StaticGroup:Web\;0\;1\;0x8a8a8aff\;\;\;;
}
